1803 2980
62 102 112 128 (233

646 88 858 118 FRAGMENTA
879 88 910 114 tx
941 88 1096 115 otiNEStN.

292 262 755 320 'rnnonolu
811 259 1451 316 mopsuns'rmvl

144 393 580 452 FRAGMENTA
611 393 683 450 IN
727 390 964 449 VETUS
997 388 1558 447 TESTAMENTUM.

685 612 743 654 IN
784 609 1061 654 GENESIN.

282 706 322 732 Ex
351 706 462 733 concilio
491 705 782 739 Constantinopolitano
802 705 864 730 unni
895 704 955 735 555,
974 704 1075 730 actione
1092 703 1133 733 tv,
1151 711 1220 728 num.
1238 701 1376 734 Lvu-LX,
1396 702 1475 728 Lxu.

74 876 198 910 Ejusdem
226 876 353 902 Theodori
382 884 413 902 eac
438 875 503 901 libro
525 876 616 909 quinto
647 880 792 901 commenta
822 875 888 910 ‹leA

107 917 238 939 erratura,
254 912 280 936 in
302 911 394 945 quibus
409 915 433 936 et
460 910 526 936 bonu
552 916 577 936 et
605 911 676 936 mata
691 919 706 936 α
722 910 773 936 Deo
797 918 852 936 esse

107 947 178 979 [actu
189 947 261 971 (licit.

107 1001 161 1028 Nec
180 1001 261 1035 igitur
274 1006 387 1029 mortem
404 1009 458 1028 non
471 1007 568 1036 sponte
577 1007 602 1029 et
613 1007 708 1037 praeter
719 1002 852 1036 judicium

74 1055 152 1074 suum
169 1048 259 1073 intulit
272 1047 440 1079 bominibus,
458 1057 545 1082 neque
560 1053 671 1083 peccato
691 1049 793 1074 aditum
821 1047 855 1074 ad

73 1094 174 1120 nullam
191 1094 334 1119 utilitatem
355 1094 448 1125 dedit;
479 1103 527 1121 nec
558 1094 629 1121 enim
661 1094 711 1120 boe
733 1094 855 1120 11011110-

76 1140 132 1165 lens
155 1146 208 1164 uon
230 1142 353 1172 poterat:
376 1139 421 1165 sed
441 1139 569 1172 quoniam
599 1138 701 1165 sciebat
719 1138 856 1164 utileesse

75 1185 164 1215 nobis,
181 1186 266 1218 magis
281 1189 370 1211 autem
392 1186 519 1211 omnibus
540 1185 762 1215 ratinnabitibus,
781 1184 856 1217 prius

74 1230 182 1264 quidem
198 1231 328 1256 malorum
347 1234 372 1256 et
388 1231 552 1257 deteriorum
570 1231 627 1257 sieri
644 1232 757 1262 aditum,
783 1232 857 1263 post-

74 1284 105 1302 ea
138 1280 228 1302 autem
257 1275 341 1302 deleri
364 1276 472 1310 quidem
502 1277 567 1307 lure,
598 1275 734 1302 introduci
766 1279 856 1300 autem

76 1320 208 1345 meliora:
230 1320 291 1345 ideo
309 1321 335 1345 10
355 1320 424 1345 duos
438 1323 526 1346 status
545 1319 636 1346 divisit
659 1319 730 1345 Deus
749 1323 857 1345 creatu-

76 1372 144 1395 ram,
162 1368 322 1398 praesentem
341 1369 366 1391 et
394 1364 534 1394 futurum:
564 1366 590 1391 in
611 1365 658 1391 illo
685 1365 794 1398 quidem
823 1363 857 1390 ad

77 1410 307 1437 immortalitatem
327 1414 353 1436 et
371 1410 620 1437 immutabilitatem
648 1411 740 1436 omnia
756 1410 857 1437 ductu—

77 1463 134 1487 rus,
152 1456 177 1482 in
200 1456 323 1490 praesenu
338 1464 402 1483 vero
419 1460 543 1482 creatura
563 1457 589 1482 in
613 1460 726 1482 mortem
759 1461 785 1483 et
804 1464 859 1481 mu-

78 1502 239 1528 tabilitatem
257 1503 364 1528 interim
379 1510 428 1529 nos
448 1502 601 1529 dimittens.
631 1503 695 1528 Nam
712 1503 733 1529 si
748 1502 858 1536 quidem

79 1548 171 1575 statim
189 1548 223 1574 ab
240 1548 318 1574 initio
345 1549 511 1575 immortales
529 1557 578 1575 nos
598 1549 692 1575 fecerit
704 1554 730 1575 et
759 1549 857 1575 111111111-
874 1551 894 1577 Β

78 1593 184 1624 tabites,
205 1594 307 1619 nullam
321 1594 500 1620 differentiam
519 1594 757 1620 adirratiouabilia
778 1595 858 1620 liabe-

80 1646 185 1669 remus,
214 1640 352 1672 proprium
382 1640 533 1666 nescientes
561 1640 671 1666 bonum.
701 1640 859 1674 ignorantes

79 1685 150 1711 enim
180 1685 399 1715 mutabilitatem,
418 1685 646 1711 immutabilitatis
664 1686 859 1719 ignorabamus

81 1728 182 1754 bonum
196 1737 201 1754 ι
217 1729 369 1755 nescientes
379 1735 504 1759 mortem,
523 1729 736 1754 immortalitatis
754 1729 860 1755 lucrum

82 1773 290 1799 nesciebamus:
310 1774 466 1807 ignorantes
482 1775 696 1808 corruptionem,
722 1782 774 1800 non
805 1775 861 1800 lau-

82 1817 214 1844 dabamus
246 1818 477 1852 incorruptionem
498 1828 503 1845 :
526 1820 678 1846 nescientes
705 1820 860 1853 passionum

82 1870 238 1897 gravamen,
258 1863 503 1897 impassibilitatem
514 1872 568 1890 non
585 1865 763 1891 mirabamur.
782 1865 862 1890 Com-

83 1908 213 1942 pendiose
228 1909 328 1940 dicere,
343 1917 377 1936 ne
393 1910 503 1944 longum
518 1918 672 1937 sermonem
688 1911 784 1937 t'aeiam
796 1920 801 1937 ε
815 1919 863 1937 ne-

83 1955 201 1981 scientes
217 1955 352 1981 matorum
372 1957 598 1990 experimentum,
631 1957 768 1983 bonorum
803 1957 863 1983 illo-

84 2007 143 2027 rum
162 2008 215 2026 non
232 2006 388 2034 poteramus
405 2001 547 2028 scientiam
565 2002 674 2029 mereri.

85 2064 208 2099 Ejusdem
224 2066 255 2092 de
267 2066 370 2097 iisdem,
395 2072 419 2093 et
436 2067 550 2101 anyelos,
569 2073 592 2094 et
611 2068 737 2100 homines,
765 2074 789 2095 ct
813 2069 866 2095 dit·-

188 2109 276 2127 mones
291 2102 414 2128 similiter
428 2104 510 2129 nactos
524 2111 578 2129 esse
595 2104 716 2129 dicentis.

117 2158 234 2185 Necesse
262 2162 303 2185 est
331 2163 435 2191 autem,
468 2160 559 2186 onmia
578 2160 660 2186 simul
680 2160 865 2191 rationabilia,

84 2204 234 2230 invisibilia
249 2204 321 2236 dic0,
343 2209 369 2230 et
383 2205 530 2239 nosipsos,
549 2205 648 2239 quibus
666 2206 780 2232 mortale
807 2206 868 2240 qui-

84 2251 143 2276 dem
166 2254 207 2276 est
238 2257 349 2284 corpus,
381 2251 470 2276 anima
498 2255 588 2278 autem
609 2259 657 2286 per
678 2252 769 2278 omnia
796 2251 869 2285 ejus-

84 2295 144 2320 dem
160 2296 175 2311 *
191 2296 374 2323 invisibilibus
391 2301 418 2323 et
434 2297 614 2323 rationalibus
634 2297 808 2328 substantiis,
826 2297 869 2323 liic

86 2339 197 2372 quidem
214 2345 374 2373 pt·:esentem
405 2342 617 2369 mutabilitatem
636 2343 702 2376 pati,
718 2346 747 2369 ut
766 2342 868 2376 optima

87 2385 246 2411 erudiamur
261 2385 384 2412 doctrina
397 2387 595 2422 religiositatis.
613 2392 639 2415 et
652 2388 685 2414 ad
706 2388 869 2415 benevolen-

89 2430 154 2457 tiam
170 2432 378 2458 constituamur.

883 2220 902 2247 C

91 2498 214 2532 Ejusdem
243 2500 416 2526 interimentis
446 2501 586 2534 judicium,
611 2507 634 2527 et
659 2503 768 2528 dicentis
801 2503 868 2536 quod

126 2535 265 2560 mutabilia
277 2541 299 2561 et
318 2535 442 2561 mortalia
454 2537 542 2561 omnia
557 2537 628 2569 lucta
647 2543 717 2567 sunt,
735 2543 757 2562 ct
776 2537 869 2562 iterum

127 2570 214 2595 ontnia
246 2570 421 2596 immutabilia
450 2575 474 2596 et
506 2571 669 2597 immortalia
699 2573 787 2597 statim
813 2577 871 2603 pust

131 2606 344 2663 relsm·1·ectionem
382 2611 456 2631 crunt
494 2606 634 2632 sectantum
671 2606 869 2632 siniilitmtinrni

128 2640 237 2666 (lirim.

129 2706 203 2738 Quod
223 2707 331 2741 quidem
359 2708 461 2742 placuit
491 2708 564 2739 Deo,
583 2708 634 2734 1100
664 2712 732 2739 crat,
749 2707 775 2733 111
803 2708 871 2734 duos

96 2756 181 2779 status
208 2753 329 2780 dividere
359 2759 541 2781 creaturam:
575 2762 657 2780 unum
686 2753 795 2788 quidem
826 2755 872 2787 qui

98 2803 214 2829 [ucesens
234 2803 284 2831 cst,
301 2799 326 2825 in
343 2800 543 2834 quomutabilia
560 2800 648 2826 onmia
662 2800 723 2826 tecit
736 2808 741 2831 3
756 2800 869 2827 atterum

906 881 997 902 autem
1026 877 1071 910 qni
1097 877 1206 903 futurus
1223 881 1275 908 est,
1300 884 1361 903 cum
1378 884 1514 904 renovans
1534 879 1623 905 onmia
1655 881 1688 906 ad

905 922 1155 947 immutabilitatem
1189 922 1352 948 transferet:
1381 930 1496 956 quorum
1526 924 1687 957 principium

905 968 983 994 uobis
1001 968 1120 994 ostendit
1139 968 1164 994 in
1199 968 1405 1002 dispensatione
1438 970 1543 995 Domini
1575 970 1688 1001 Christi,

905 1022 1030 1048 quemex
1049 1014 1127 1040 nobis
1154 1014 1331 1041 exsistentem
1366 1016 1538 1041 resusritavit
1567 1023 1598 1042 ex
1617 1024 1689 1042 mor-

907 1060 971 1091 tuis,
988 1064 1013 1085 et
1029 1060 1209 1085 imiimi-talem
1229 1067 1354 1094 corpore,
1372 1065 1397 1086 et
1414 1061 1607 1087 immutabilem
1625 1062 1689 1087 tecit

907 1106 1023 1131 animam
1044 1104 1118 1140 [sort.
1148 1105 1268 1140 anima]:
1302 1114 1349 1139 prr
1378 1107 1449 1139 quod
1481 1107 1688 1137 (lemonstravit.

907 1152 969 1185 quia
986 1151 1058 1177 circa
1078 1152 1233 1178 universam
1252 1155 1408 1178 creaturam
1424 1152 1474 1178 1100
1491 1152 1611 1179 futurum
1635 1158 1688 1180 est.

1014 1219 1139 1253 Ejusdem
1157 1227 1188 1245 ea·
1205 1226 1298 1253 quarto
1321 1219 1388 1246 libro
1407 1219 1438 1246 tle
1453 1225 1584 1247 creatura.

943 1284 991 1311 lllo
1012 1289 1086 1311 certo
1101 1286 1261 1317 constituto,
1286 1286 1358 1320 quod
1385 1288 1615 1320 quemadmodum
1641 1295 1691 1316 no—

909 1331 950 1357 bis
966 1339 1013 1365 per
1030 1332 1260 1358 resurrectionem
1278 1336 1304 1359 et
1324 1340 1424 1367 eorpus
1448 1334 1638 1368 incorruptum
1668 1340 1694 1361 et

909 1377 1088 1403 immutabilis
1103 1378 1193 1403 anima
1209 1378 1272 1408 erit,
1302 1378 1396 1404 eodem
1415 1379 1494 1405 modo
1514 1384 1540 1405 et
1568 1380 1693 1406 invisibi-

910 1422 982 1448 libus
1003 1426 1029 1448 et
1046 1423 1256 1449 rationabilibus
1286 1425 1393 1450 naturis
1412 1424 1608 1451 immutabilem
1636 1433 1692 1452 1110-

911 1469 965 1495 reri
978 1469 1124 1503 contingit,
1139 1477 1211 1495 nuuc
1226 1469 1335 1503 quidem
1355 1471 1553 1504 accipientibus
1582 1478 1695 1497 couver-

911 1515 1027 1547 sionem,
1049 1516 1120 1542 sicut
1133 1523 1211 1542 versa
1231 1516 1369 1542 multoties
1387 1516 1482 1542 decem
1499 1517 1580 1542 millia
1597 1517 1696 1543 111101110-

913 1568 977 1586 mun
1005 1561 1163 1592 ostendunt,
1184 1566 1249 1588 tune
1270 1566 1360 1588 autem
1394 1562 1420 1587 iu
1449 1562 1695 1589 immutabilitatem

912 1607 1056 1632 nobiseum
1076 1606 1186 1634 suturis.

914 1670 1039 1705 Ejusdem
1054 1679 1086 1696 mc
1100 1672 1190 1704 quinto
1207 1670 1283 1700 libro,
1303 1672 1371 1705 quoi!
1385 1673 1467 1698 sciens
1486 1671 1554 1697 Deus
1578 1672 1697 1706 expedire

1000 1706 1148 1732 hominibus
1163 1712 1309 1739 peccatum,
1325 1707 1372 1732 ltoc
1388 1708 1446 1740 ficri
1461 1707 1601 1740 disposuit.

948 1772 1015 1798 Nam
1032 1773 1135 1799 sriebat
1148 1773 1257 1806 quidem
1274 1773 1346 1807 quod
1359 1774 1511 1808 peccabunt
1528 1774 1696 1806 omnimodo,

914 1818 1081 1844 concedebat
1102 1827 1167 1845 vero
1197 1819 1247 1845 boc
1279 1819 1346 1850 sieri,
1377 1819 1506 1853 expedire
1531 1820 1570 1846 eis
1598 1828 1699 1854 cogno-

915 1871 1013 1890 scens:
1032 1865 1161 1898 quoniam
1183 1873 1232 1891 nec
1249 1871 1307 1891 erat
1325 1866 1457 1899 possibile
1479 1873 1552 1897 eum,
1566 1867 1611 1900 qui
1636 1874 1697 1892 cum

916 1910 1010 1936 lecerit
1026 1918 1079 1937 non
1102 1915 1251 1942 exstantes,
1264 1916 1290 1938 et
1308 1916 1444 1937 tantorum
1463 1913 1570 1946 quidem
1589 1913 1700 1939 demon-

915 1955 1045 1981 straverit
1062 1955 1197 1986 dominos,
1229 1959 1303 1981 tanta
1324 1964 1388 1982 vero
1420 1955 1489 1982 11111111
1527 1955 1700 1989 proposuerit

917 2004 945 2026 ut
960 2001 1000 2026 eis
1020 2000 1159 2032 fruantur,
1180 2008 1233 2026 non
1249 2001 1394 2033 probibere
1410 2001 1512 2034 peccati
1536 2000 1648 2031 aditum,
1677 2000 1698 2027 si

917 2045 1046 2078 expedire
1063 2045 1103 2070 eis
1123 2045 1174 2070 lioc
1194 2050 1383 2077 cognosceret.
1407 2045 1459 2071 Sed
1478 2045 1550 2071 enim
1564 2054 1617 2071 non
1642 2050 1699 2071 erat

919 2090 1058 2124 possibile,
1076 2097 1126 2116 nos
1141 2090 1218 2116 aliter
1236 2091 1342 2116 discere
1367 2095 1519 2124 peecatum,
1536 2096 1561 2117 et
1592 2092 1700 2124 passio-

919 2143 982 2161 num
1003 2135 1165 2166 molestiam,
1182 2139 1208 2160 et
1224 2135 1370 2166 deteriora,
1390 2140 1415 2161 et
1437 2141 1557 2162 nostram
1587 2136 1702 2162 intirmi·

920 2184 1002 2205 tatem
1033 2180 1058 2205 111
1087 2179 1129 2205 liis
1158 2179 1409 2211 demonstramlam,
1439 2180 1472 2206 ad
1504 2181 1700 2207 ostendendam

921 2224 1141 2258 magnitudinem
1157 2224 1399 2255 immutabilitatis,
1416 2233 1498 2260 quam
1516 2231 1609 2260 postea
1625 2227 1702 2253 nobis

921 2273 994 2297 esset
1011 2269 1174 2302 donaturus,
1197 2271 1249 2297 nisi
1271 2271 1310 2297 sic
1335 2272 1368 2297 ab
1383 2271 1459 2298 initio
1473 2272 1529 2298 brec
1554 2271 1668 2298 fuissent
1689 2280 1703 2296 a

923 2314 975 2341 Deo
989 2314 1158 2348 dispensata,
1176 2319 1205 2341 ut
1218 2316 1364 2343 collatione
1380 2320 1405 2342 et
1434 2317 1619 2350 experimento
1643 2317 1704 2342 inti-

922 2360 1041 2385 nitorum
1060 2360 1169 2386 illorum
1198 2361 1332 2387 bonormu
1347 2369 1490 2395 possemus
1506 2363 1576 2388 seire
1600 2362 1705 2395 magni-

922 2404 1060 2430 tudinem:
1076 2408 1101 2431 et
1114 2404 1196 2437 liujus
1214 2406 1310 2438 gratia,
1325 2410 1418 2440 utpote
1433 2406 1603 2440 profuturum
1615 2408 1702 2437 nobis,

923 2454 1065 2483 peecatum
1082 2451 1184 2477 intrare
1201 2451 1351 2482 dimittens,
1375 2460 1502 2486 magnum
1525 2453 1550 2478 iu
1565 2453 1623 2486 ejus
1637 2453 1704 2479 bello

923 2495 1054 2520 auxilium
1070 2495 1183 2521 invenit.

926 2561 1050 2595 Ejusdem
1068 2562 1196 2589 Theodori
1216 2563 1376 2589 detrahentis
1393 2572 1449 2597 quir
1465 2569 1523 2589 snut
1536 2564 1566 2589 ilc
1584 2564 1705 2596 flammeo

1020 2597 1121 2630 [ramea
1134 2603 1157 2624 et
1178 2598 1208 2624 de
1223 2599 1351 2624 cherubim
1367 2599 1436 2624 (lictu
1454 2598 1527 2632 (Ceu.
1547 2600 1598 2632 tii).

961 2662 1027 2689 Nam
1055 2663 1209 2689 flammeam
1242 2664 1349 2698 quidem
1381 2664 1509 2690 frameam
1541 2664 1646 2695 dieunt,
1679 2670 1707 2691 ut

927 2708 1000 2735 dicat
1020 2710 1085 2744 quia
1103 2709 1173 2743 ignis
1189 2715 1229 2736 est
1243 2710 1373 2735 terribilis
1388 2718 1547 2739 coruscans,
1567 2710 1593 2736 in
1616 2711 1706 2736 babitu

927 2755 1007 2787 gladii
1038 2759 1183 2784 extensus,
1218 2760 1246 2781 ut
1276 2755 1400 2781 bifariam
1435 2755 1566 2782 terribilis
1598 2758 1704 2791 quidam

929 2800 1001 2828 115115
1025 2807 1096 2829 esset
1117 2802 1360 2832 11110111111111μτ1ςκ
1379 2806 1473 2828 natma
1493 2807 1517 2829 ct
1552 2810 1584 2829 cx
1615 2802 1703 2827 liaoitu
