1803 2980
130 64 181 90 91ιὸ

130 178 159 195 ra
174 175 259 199 erant,
278 173 304 194 et
322 169 391 194 bona
409 168 550 193 voluntate
567 174 647 200 quam
665 167 737 193 eirca
757 175 818 194 etun
834 167 918 193 habe-

132 217 186 245 bat,
204 216 237 240 ab
255 215 331 240 initio
347 214 476 239 similiter
491 214 579 239 inerat
596 213 640 239 ei:
660 221 707 247 per
730 213 853 240 ordinem
870 220 920 238 au-

131 265 184 285 tem
200 260 251 285 sitii
267 259 398 293 placitum
416 258 448 284 ad
472 258 666 292 perfectionem
688 259 804 285 ducebat
819 259 919 293 ipsum.

408 322 448 348 131
464 324 553 350 codem
569 324 646 350 libro.

169 378 250 404 Suam
267 384 356 404 autem
373 380 596 413 cooperationem
620 380 651 406 ad
676 380 815 415 proposita
841 386 922 413 opera

133 425 279 458 prastabat
294 425 316 450 ei
334 424 380 458 qui
394 429 554 458 assumptus
574 430 615 452 est
633 435 637 451 :
661 426 704 451 ubi
725 425 776 451 hoc
801 425 875 456 l‘acit,
897 425 923 451 iu

134 472 193 496 loco
209 479 308 497 sensus
328 470 413 497 fuisse
437 472 562 497 deitatem
579 472 616 497 illi
637 472 681 505 qui
700 475 857 505 assumptus
871 476 922 497 est.

132 516 187 543 Nec
203 518 274 543 euim
292 517 342 547 eis,
364 517 576 551 quibuscunque
595 526 672 543 suam
692 517 807 543 donavit
824 525 924 551 coope-

134 564 279 594 rationem,
299 570 397 589 seusus
418 564 505 588 lot‘uui
527 563 586 596 ejus
604 563 754 588 obtinebat.
786 562 813 588 Si
833 567 923 588 autem

132 615 159 636 et
179 609 260 635 modo
281 609 446 643 p1·a·t,·iptt·.uu
467 609 614 642 quamdam
636 608 858 641 roiqterationetn
877 608 925 634 ‹lo-

132 655 208 680 tiarit
227 654 264 679 illi
280 654 325 687 qui
344 658 502 686 assumptus
527 657 580 683 est,
602 661 655 678 uon
674 652 725 678 hoe
743 652 861 679 faciebat
884 653 924 678 lo-

133 708 194 726 cum
213 707 311 726 sensus
326 701 455 725 deitatem
475 700 610 725 obtinere.
641 698 694 724 Sed
719 699 743 725 si
764 699 852 725 deitas
878 707 926 732 pro

133 753 215 772 sensu
237 746 316 772 tiebat
335 745 372 771 illi
390 745 436 779 qui
456 750 617 778 assumptus
632 749 684 775 est,
712 744 862 770 secuudum
882 752 926 770 ve-

734 61 911 89 Ttttzooottt
935 61 1176 89 MOPSL'ESTENJ

130 125 280 154 voluntate,
299 131 380 158 quam
402 127 482 148 antea
502 122 597 148 statuit
617 130 664 156 pro
678 122 720 149 his
733 130 793 157 quae
812 127 920 149 eventu
937 128 956 154 Α
974 122 1044 148 sicut
1076 126 1101 148 et
1135 122 1231 149 beatus
1252 122 1317 148 dicit
1355 122 1456 149 l‘aulus
1477 133 1482 148 :

1712 65 1764 92 avo
1800 47 1801 51 ’

1517 123 1668 158 Quicunque
1696 126 1763 150 enim

974 168 1069 201 spiritu
1099 167 1147 194 Dei
1177 173 1313 202 tuitottur,
1344 168 1370 194 lii
1399 173 1458 194 sunt
1485 169 1536 202 filii
1565 169 1611 196 Dei
1636 171 1673 200 ⁷:

973 214 1070 248 spiritu
1088 214 1182 240 dicens
1204 214 1284 244 illos.
1311 216 1356 248 qui
1384 215 1417 241 ab
1439 222 1472 241 eo
1499 215 1707 249 gubernantur,
1731 217 1765 243 ab

973 267 1005 286 eo
1028 260 1170 290 ‹lot-entur,
1187 262 1221 285 ab
1245 268 1277 286 eo
1312 260 1344 286 ad
1366 261 1462 287 melius
1490 262 1710 293 constituuntur,
1733 263 1765 288 ah

974 312 1007 331 eo
1036 306 1248 339 competentium
1279 306 1430 332 doctrinam
1457 307 1604 341 accipiunt.
1629 307 1696 334 Cum
1723 307 1766 333 di-

975 351 1060 377 xisset
1088 355 1177 377 autem
1206 352 1393 385 evangelista,
1429 352 1500 386 quod
1530 352 1632 385 Spiritu
1675 359 1765 379 sancto

974 396 1064 428 plenus
1096 404 1225 430 repressus
1256 403 1294 423 esc
1332 406 1346 423 (ι
1387 397 1530 424 ,ΙυνιΙιιιιε”
1554 417 1561 429 ‚
1596 403 1688 433 aperte
1719 399 1766 425 de-

976 441 1151 471 monstravit,
1179 441 1251 475 quod
1268 441 1348 475 hujus
1374 450 1456 468 causa
1476 442 1594 476 Spiritus
1618 444 1704 469 saneti
1720 443 1767 469 ba-

977 485 1136 511 bitationem
1154 486 1180 511 in
1197 487 1358 520 baptismate
1375 488 1506 522 suscepit,
1521 488 1761 522 utintteproposi1

977 533 1030 555 tam
1051 534 1160 563 caperet.
1174 530 1313 557 vistutem.
1334 531 1411 558 Unde
1427 537 1452 558 et
1473 533 1505 558 ad
1525 538 1665 560 certamen
1683 535 1762 565 illud,

976 576 1048 608 quod
1070 583 1118 608 pro
1135 576 1213 602 nobis
1230 581 1288 602 crat
1310 577 1343 603 ad
1369 577 1508 604 diabolum
1531 579 1689 610 effecturus,
1708 581 1763 614 spi-

977 621 1031 647 ritu
1046 622 1208 649 ducebatur.

1281 680 1312 706 Et
1327 686 1384 714 post
1399 682 1465 707 alia.

1014 734 1111 761 Dicant
1137 735 1220 769 igitur
1244 736 1323 762 nobis
1351 737 1472 763 otnnium
1502 738 1721 772 sapientissimi:
1740 739 1769 766 Si

134 797 191 819 stra
211 793 306 823 verba,
329 791 467 825 ‹pioriiodo
494 791 620 816 timorem
640 790 666 816 in
685 791 814 824 passione
836 790 926 817 susci·
942 803 962 830 B
978 787 1027 814 P¹'0
1051 788 1134 807 SCUSU
1154 780 1269 807 ⁰0¹¹¹i¹¹⁰
1291 781 1402 809 Clffissffl
1420 782 1465 816 (1¹¹i
1481 787 1522 808 “Sl
1539 783 1690 809 S⁶⁰¹¹¹¹d¹¹¹¹¹
1708 791 1773 809 ‘'²³¹'-

133 840 225 873 piebat
237 840 246 854 ⁹
277 840 288 864 ⁴?
302 838 372 870 Quid
409 837 658 864 vehementioribus
691 837 863 864 orationibus
891 837 923 862 ad

134 885 321 911 imminentem
353 884 545 910 necessitatem
574 883 733 917 indigebat,
765 892 832 917 quas
863 890 924 908 cum

133 936 230 962 magna
259 928 369 962 quidem
401 933 428 954 et
454 928 576 955 clamosa
600 936 676 960 voce,
708 935 769 954 cuni
800 928 926 962 plurimis

133 979 224 999 autem
246 973 375 1008 lacrymis
393 974 400 1001 i
419 973 570 999 secuudum
588 973 696 999 beatum
711 973 824 999 Paulum
840 973 872 1008 ³)
890 982 927 1000 re-

137 1020 242 1046 ferebat
261 1019 339 1045 beo?
363 1020 502 1053 quomodo
522 1020 619 1046 timore
647 1024 721 1046 tanto
739 1020 926 1053 detinebatur,

135 1070 163 1091 ut
181 1074 213 1091 ex
231 1066 368 1091 inuueusa
388 1066 572 1099 trepidatione
596 1066 685 1092 sontes
703 1065 815 1092 sudoris
834 1065 926 1092 dimit-

133 1116 213 1142 teret,
229 1112 397 1146 evangelista
412 1116 505 1146 aperte
521 1111 642 1143 dicente,
659 1113 729 1147 quod
748 1113 835 1147 globis
864 1121 927 1139 sau-

133 1158 226 1192 guinis
243 1158 343 1185 similis
363 1158 447 1185 sudor
466 1157 671 1185 descendehaw
695 1158 788 1191 ‘?Quid
803 1163 928 1186 :tutemet

134 1204 223 1237 angoti
240 1204 357 1230 adventu
378 1207 405 1230 et
424 1204 584 1231 visitatione,
601 1204 706 1239 egebat,
723 1205 842 1230 animam
866 1205 928 1231 reli-

134 1250 232 1276 cicntis
250 1251 276 1275 in
291 1250 481 1283 experimento
495 1250 647 1282 malorum,
666 1250 850 1277 confortantis
867 1251 928 1284 ejus

134 1296 317 1326 alacritatem,
334 1296 481 1323 excitantis
493 1304 554 1323 etin]
571 1296 605 1322 ad
622 1297 808 1323 imminentem
825 1298 928 1331 passio-

135 1342 177 1367 nis
193 1341 398 1372 necessitatem,
417 1342 531 1367 tolerare
552 1341 657 1367 sortiter
683 1343 752 1367 mala
774 1343 926 1374 suadentis,

134 1387 259 1421 urgentis
289 1386 322 1412 ad
349 1387 508 1420 patientiam
527 1392 553 1414 et
578 1387 752 1413 tolerantiam
781 1389 926 1419 malorum.

134 1433 303 1458 ostendi-ntis
315 1434 489 1466 praesentium
501 1434 634 1459 malorum
649 1433 767 1459 fructum
779 1443 810 1460 ex
820 1436 926 1468 passio-

134 1487 179 1510 ne,
194 1480 372 1506 mutationem
389 1480 414 1505 iu
440 1480 554 1514 gloriam
571 1481 669 1507 bonam
687 1480 758 1506 cirea
784 1488 845 1506 eum
868 1486 927 1514 post
941 1479 961 1506 C

137 1526 292 1559 passionem
309 1527 428 1552 suturam
442 1526 452 1552 ¹?
468 1526 519 1558 Qui
537 1527 609 1553 enim
627 1526 798 1560 (secundum
812 1535 928 1561 evauge-

136 1573 204 1598 lIstae
228 1572 343 1607 vorem)
369 1572 543 1599 confortabat
569 1580 648 1603 eum,
678 1573 791 1604 angelus
811 1573 926 1604 srittcct.

134 1620 226 1646 verbis
241 1619 304 1645 istis
322 1619 421 1645 sortem
438 1626 499 1644 euni
519 1617 646 1648 faciebat,
663 1622 689 1644 et
708 1617 860 1643 intirmitati
880 1626 929 1643 na-

135 1669 203 1691 tura}
221 1666 391 1699 superiorem
418 1664 475 1690 lieri
502 1663 719 1694 cohortabatur,
745 1666 772 1689 et
798 1662 928 1689 corroho-

138 1712 224 1737 rando
240 1711 426 1746 cogitationes
443 1710 513 1744 ejus,
532 1709 629 1736 sortem
646 1717 707 1736 eum
723 1708 849 1735 faciebat.

138 1778 168 1804 131
182 1783 238 1812 post
267 1779 332 1807 ulia,
361 1778 387 1803 in
415 1777 504 1803 codem
531 1777 598 1802 liliro
627 1776 696 1801 idem
723 1775 872 1801 Tlicmlortts
897 1783 928 1801 ex

171 1822 283 1846 persona
311 1813 411 1839 Christi
439 1812 515 1845 quusi
544 1811 725 1844 respondentis
756 1812 789 1836 att
819 1811 927 1837 Petrum

171 1849 300 1874 cluentem
328 1848 433 1873 (Ilii-isto
461 1847 492 1872 de
519 1848 642 1879 passione
665 1846 771 1877 ertit-is,
791 1846 928 1879 Propitius

172 1885 219 1910 tibi
236 1904 242 1915 ,
264 1883 387 1912 Domine,
410 1890 463 1908 non
487 1883 538 1908 erit
557 1882 603 1907 tibi
627 1881 697 1907 istud
715 1882 742 1913 ’‘;
763 1882 799 1906 ita
821 1880 926 1906 intulit:

178 1940 248 1966 vaste
264 1944 320 1973 post
342 1947 390 1969 me,
407 1938 521 1969 Scitanti,
542 1937 700 1964 scandalum
722 1937 785 1964 milti
801 1945 838 1968 es,
859 1937 927 1971 quod

136 1996 186 2013 riou
208 1987 278 2020 sapis
305 1994 334 2011 ea
355 1993 413 2019 qua:
436 1984 483 2010 Dei
508 1989 580 2014 sunt,
595 1983 638 2009 sed
661 1992 691 2010 eii
706 1991 762 2017 qua·
780 1983 925 2009 hommum.

136 2033 194 2059 Non
212 2036 253 2059 est
267 2031 393 2058 confusio
410 2031 475 2056 mihi
498 2038 583 2060 mors,
599 2038 653 2055 non
678 2029 779 2063 tugiam
798 2029 884 2063 ipsam
900 2033 927 2055 ut

136 2080 308 2105 indecentem
323 2098 330 2109 ‚
361 2077 393 2103 ad
425 2077 572 2102 humanam
606 2076 722 2110 gloriam
754 2075 926 2109 respi‹·iens;

136 2126 279 2152 sustinebo
314 2128 405 2150 autem
441 2123 554 2149 meliore
585 2122 676 2148 auiino
708 2121 925 2155 experimenttuu

137 2173 233 2198 intotis
256 2179 304 2204 pro
328 2170 455 2204 plurimis
476 2169 555 2195 honis
584 2167 701 2198 suturis,
726 2167 753 2193 in
779 2167 879 2201 quihus
900 2171 927 2193 et

139 2217 195 2250 ipse
212 2217 299 2246 l'uero,
315 2220 341 2241 et
356 2223 403 2249 pet·
419 2223 461 2241 me
474 2222 570 2241 omncs
587 2223 592 2239 :
611 2222 644 2240 ne
658 2213 723 2239 mihi
740 2213 861 2239 animum
881 2212 927 2238 lte·-

138 2264 196 2292 das,
225 2270 313 2295 neque
336 2261 448 2292 turbes,
476 2265 605 2294 tauquam
627 2259 790 2286 contusione
814 2259 927 2293 dignum

138 2308 232 2341 sugere
245 2307 395 2333 admoneus
412 2307 507 2333 mortis
521 2307 749 2340 experimenttun.

436 2360 468 2386 1⁴2!
486 2366 542 2394 post
564 2361 629 2387 alia.

173 2419 250 2452 Quod
266 2418 337 2445 euim
365 2418 523 2444 dictumest
544 2428 549 2444 :
579 2418 729 2444 Ducebatur
758 2427 773 2443 a
798 2418 893 2451 spiritu
906 2418 927 2449 ὓ,

139 2472 231 2501 aperte
247 2465 298 2491 boc
324 2464 469 2498 signifieat,
485 2465 556 2497 quod
572 2465 606 2491 ab
621 2472 652 2491 eo
673 2465 828 2499 regebatur,
844 2465 878 2490 ab
895 2472 928 2490 eo

140 2513 173 2539 ad
190 2514 316 2538 virtutem
334 2510 536 2544 propositorum
555 2511 781 2542 consor-tatinum
800 2511 833 2537 ab
848 2518 880 2537 eo
895 2510 927 2536 ad

140 2559 197 2585 baec
211 2563 270 2592 qttze
290 2557 433 2590 oportebat
455 2555 623 2585 dut-ebatur,
642 2556 675 2581 ab
696 2564 738 2585 co,
759 2556 831 2590 quod
850 2556 928 2583 dcce-

139 2603 185 2630 bat
204 2623 210 2634 ,
245 2601 414 2633 docebatur;
443 2600 476 2626 ab
503 2608 536 2625 eo
574 2600 787 2634 cogitationibus
834 2609 929 2628 corro-

141 2649 288 2675 borabatur
306 2668 312 2680 ,
347 2652 374 2673 ut
398 2647 430 2673 ad
463 2651 566 2672 tautum
603 2652 740 2673 certamen
781 2648 926 2679 sufficeret,

979 834 1050 857 nem,
1072 826 1158 853 deitas
1174 827 1244 852 saeta
1268 831 1352 858 esset,
1373 828 1444 854 sieut
1469 828 1574 859 dieunt,
1590 828 1654 862 quid
1681 829 1768 856 sancti

979 871 1099 905 Spiritus
1116 873 1353 906 cooperationead
1373 873 1430 900 haec
1456 874 1585 901 Christus
1609 874 1767 909 indigebat?

977 916 1032 943 Nec
1046 918 1119 944 enim
1140 917 1278 952 [uigeant
1293 918 1381 945 deitas
1407 919 1511 953 Spiritu
1527 919 1666 953 indigebat
1682 919 1769 953 adju-

978 962 1182 993 stificationfflii,
1204 962 1308 997 Spiritu
1323 964 1461 999 indigebat
1479 965 1512 991 ad
1530 965 1693 992 vincendum
1710 965 1772 992 dta-

979 1008 1081 1038 bolum,
1100 1008 1203 1042 Spiritu
1225 1009 1364 1043 indigebat
1400 1010 1434 1036 ad
1459 1010 1596 1044 operanda
1625 1011 1768 1042 miracula,

979 1053 1083 1088 Spiritu
1097 1055 1234 1091 indigebat
1249 1061 1277 1081 ut
1293 1055 1437 1082 doceretur
1452 1064 1483 1082 ea
1501 1064 1560 1090 quae
1575 1057 1688 1083 decebat
1705 1065 1766 1091 per-

979 1108 1069 1133 agere,
1083 1099 1187 1134 Spiritu
1211 1100 1350 1134 indigebat
1366 1105 1395 1126 ut
1411 1101 1603 1128 itmuaculatus
1616 1105 1768 1136 appareret..

980 1144 1008 1170 Si
1023 1145 1095 1170 enim
1113 1152 1162 1178 pro
1180 1152 1262 1171 sensu
1279 1144 1390 1179 quidem
1416 1145 1514 1177 deitas,
1539 1146 1693 1173 sufficiehat
1720 1154 1770 1172 au-

979 1194 1031 1216 tem
1046 1189 1078 1216 ad
1092 1190 1182 1216 onmia
1194 1191 1254 1223 ejus
1271 1191 1371 1223 virtus,
1392 1198 1506 1217 necesse
1522 1196 1582 1218 erat
1602 1191 1664 1218 inde
1679 1191 1770 1217 onmia

980 1236 1048 1266 lieri,
1067 1240 1096 1262 ut
1114 1237 1252 1270 supet-ilua
1275 1240 1350 1264 esset
1370 1237 1459 1263 saneti
1484 1236 1603 1271 Spiritus
1627 1238 1767 1264 habitatio.

981 1282 1033 1308 Sed
1049 1289 1122 1307 nunc
1140 1286 1251 1307 unctum
1267 1289 1327 1308 csse
1353 1282 1416 1307 dicit
1434 1282 1522 1315 ipsum
1545 1282 1661 1316 Spiritu,
1678 1286 1705 1308 ct
1721 1281 1771 1307 ha-

979 1329 1081 1354 bitasse
1097 1327 1168 1354 ineo
1183 1327 1327 1361 Spiritum,
1344 1332 1369 1354 et
1389 1327 1421 1352 ad
1438 1328 1529 1353 omnia
1557 1327 1696 1361 adjuvisse
1709 1336 1772 1360 pro-

979 1374 1078 1408 posita,
1097 1377 1122 1399 et
1138 1373 1291 1399 doctrinam
1319 1372 1381 1399 inde
1407 1374 1497 1407 ipsum
1517 1374 1655 1408 accepisse
1675 1380 1700 1400 et
1720 1375 1771 1400 vir-

979 1423 1076 1450 tutem,
1102 1424 1127 1445 ct
1152 1419 1214 1445 inde
1231 1419 1394 1453 impetrasse
1407 1420 1646 1453 justificationem,
1665 1425 1691 1448 et
1709 1420 1771 1448 inde

981 1465 1186 1491 immaculatum
1206 1464 1306 1491 sautum
1321 1474 1394 1494 esse.

980 1531 1108 1566 Ejusdem
1131 1531 1260 1559 Theodori
1285 1540 1316 1558 ea:
1343 1533 1418 1559 ici-iio
1454 1534 1519 1560 libro
1541 1539 1632 1560 contra
1662 1534 1770 1567 impium

1272 1569 1478 1600 Apollinarium.

1015 1613 1099 1639 Istum
1123 1613 1206 1648 igitur
1226 1614 1326 1646 virum,
1345 1615 1371 1641 iu
1401 1624 1456 1649 quo
1475 1616 1571 1642 statuit
1590 1618 1713 1644 omnium
1731 1618 1770 1645 sa-

979 1666 1042 1686 ccre
1064 1659 1209 1693 judicium,
1234 1660 1267 1686 ad
1285 1659 1363 1687 tidem
1389 1660 1553 1693 futurorum,
1573 1669 1634 1688 cum
1650 1664 1769 1690 resusci-

980 1709 1066 1732 tasset
1080 1712 1142 1731 eum
1159 1713 1192 1732 ex
1207 1706 1332 1737 mortuis,
1349 1711 1375 1732 et
1386 1706 1506 1740 judicem
1524 1708 1644 1734 omnium
1662 1709 1771 1735 demon·

980 1756 1117 1783 strasset,
1150 1752 1300 1778 secttndum
1328 1752 1400 1779 beati
1424 1752 1500 1780 Pauli
1522 1762 1613 1781 rocem
1630 1755 1650 1786 ⁹,
1675 1756 1770 1781 merito

980 1798 1085 1824 unitate
1112 1797 1146 1824 ad
1171 1798 1293 1832 seipsum
1309 1799 1437 1832 dignatus
1455 1803 1507 1832 cst,
1536 1804 1563 1826 et
1581 1808 1628 1834 per
1655 1801 1768 1835 conjun-

980 1844 1098 1869 ctionem
1117 1844 1150 1869 ad
1170 1850 1199 1869 se
1223 1844 1339 1876 laetam,
1356 1845 1451 1871 talium
1476 1846 1633 1880 participem
1648 1846 1722 1877 fecit,
1739 1850 1766 1872 ut

979 1893 1004 1914 ct
1029 1888 1198 1915 adorationis
1224 1890 1446 1916 couunuuionem
1475 1891 1612 1918 baberet:
1638 1892 1766 1918 omnibus

979 1934 1089 1968 quidem
1105 1934 1204 1960 ‹tii-inm
1220 1939 1324 1961 natur-,e
1349 1935 1467 1961 debitam
1494 1936 1681 1963 adorationem
1707 1937 1768 1964 rcd-

979 1979 1117 2011 deutibus,
1143 1979 1439 2014 comprchendeutibus
1456 1987 1545 2006 autem
1568 1981 1728 2008 adoratione
1743 1987 1770 2009 et

979 2026 1054 2052 illum
1068 2033 1150 2059 quem
1180 2026 1401 2060 inseparabiliter
1422 2027 1473 2053 seit
1500 2027 1551 2053 sibi
1574 2027 1768 2061 conjunctum;

979 2079 1011 2098 ex
1027 2079 1080 2105 quo
1095 2071 1271 2098 manifestum
1291 2076 1345 2104 est,
1361 2072 1434 2106 quod
1456 2072 1490 2098 ad
1507 2073 1612 2106 majora
1632 2081 1693 2100 eum
1711 2081 1773 2108 pei*-

980 2117 1069 2144 duxit.

1282 2173 1315 2200 Et
1330 2179 1388 2208 post
1403 2175 1470 2204 aliu.

1015 2231 1054 2259 lta
1072 2236 1098 2259 et
1119 2232 1251 2265 animam,
1269 2237 1364 2266 utpote
1389 2232 1546 2264 luunanam,
1579 2238 1606 2259 et
1629 2233 1767 2259 inimorta-

981 2279 1032 2305 lem
1049 2279 1240 2309 constitutam,
1258 2283 1284 2305 et
1303 2287 1400 2306 sensus
1426 2280 1584 2313 participem
1609 2280 1686 2313 prius
1702 2278 1768 2305 acci-

980 2326 1070 2360 piens,
1089 2329 1116 2350 ct
1133 2333 1180 2359 per
1207 2326 1437 2352 resurrectionem
1467 2326 1493 2351 iu
1523 2326 1766 2352 immutabilitatem

982 2372 1164 2402 constiturus,
1194 2371 1233 2397 sic
1250 2375 1276 2397 et
1301 2371 1380 2398 nobis
1404 2371 1562 2398 eorunulem
1592 2372 1705 2398 istorum
1724 2378 1768 2404 per

981 2418 1211 2445 resurrectionem
1236 2418 1350 2451 pra‘buit
1375 2419 1604 2444 rotmnunionem.
1632 2417 1694 2443 tdeo
1707 2421 1765 2442 ante

980 2465 1211 2491 resurrectiotwm
1225 2472 1256 2490 ex
1269 2464 1385 2490 mortuis
1401 2464 1523 2498 increpat
1539 2464 1647 2498 quidem
1659 2463 1766 2490 Petrum

981 2516 1010 2537 ut
1024 2511 1081 2537 suis
1098 2519 1160 2536 eum
1183 2510 1298 2537 vocibus
1319 2510 1551 2537 scandalizantem
1575 2510 1605 2541 ¹⁰,
1622 2513 1648 2535 et,
1668 2509 1693 2535 in
1712 2516 1765 2534 ma1

981 2564 1033 2591 gna
1049 2556 1233 2590 trepidatione
1252 2564 1299 2590 per
1320 2560 1428 2590 tempus
1440 2556 1576 2590 passionis
1590 2555 1765 2585 constitutus,

981 2603 1153 2637 apparitione
1181 2602 1269 2637 augeli
1292 2602 1393 2635 indiget
1408 2623 1414 2633 ,
1441 2601 1623 2629 confortantis
1646 2609 1705 2626 cum
1735 2598 1765 2625 ad

984 2648 1142 2682 patientiam
1182 2653 1207 2674 et
1241 2647 1412 2674 tolerantiam
1449 2645 1646 2673 imminentium
1682 2644 1768 2671 malo-

175 2739 184 2752 *
204 2738 299 2763 Matth.
319 2745 391 2765 xxvi.
408 2737 450 2761 38.
483 2736 491 2750 ³
506 2735 586 2761 llebr.
603 2744 626 2766 v,
646 2735 671 2761 7.
703 2736 710 2748 '⁴
729 2735 792 2761 Loe.
811 2745 877 2763 xxo.
893 2737 935 2764 tt.
966 2737 1081 2763 ‘’Matth.
1097 2746 1152 2769 xvi,
1166 2736 1200 2763 ⁶22
1221 2745 1280 2771 sqq.
1308 2737 1317 2752 ⁴
1330 2736 1422 2763 lllatth.
1440 2743 1475 2767 iv,
1488 2734 1511 2761 7.
1541 2735 1548 2749 ⁷
1565 2734 1641 2760 Rom.
1660 2742 1706 2766 ru,
1723 2733 1763 2759 Η.

140 2773 149 2787 “
164 2772 228 2799 Luc.
244 2781 278 2804 iv,
300 2773 321 2798 l.
359 2774 367 2787 '³
385 2773 444 2797 Aet.
463 2779 529 2803 xrtt,
548 2772 591 2797 5t.
625 2771 645 2785 '⁰
661 2771 757 2796 Matth.
778 2779 831 2797 xxi.
851 2773 896 2798 2¹5.

1702 170 1765 198 doci
1802 175 1803 198 1
