1803 2980
134 101 181 126 115
744 97 825 125 ANG.
846 96 919 123 MAtt
939 95 1132 123 PRAEFAUO.
1697 90 1748 119 1¹6

164 154 208 182 Vl.
229 153 305 180 Nunc
320 152 382 188 quia
403 152 436 178 de
455 152 487 178 iis
507 152 574 183 dixi,
595 152 640 186 qui
657 152 828 179 Theodorum
851 153 876 179 in
892 152 936 179 liis
952 152 1119 186 exponendis
1140 151 1278 186 prophetis
1301 153 1498 184 praecesserunt
1511 169 1517 181 ‚
1536 149 1615 177 liceat
1629 148 1747 176 breviter

128 203 276 230 nonnullos
293 208 410 236 quoquc,
427 200 473 233 qni
489 197 660 224 Theodorum
679 198 816 225 subsecuti
836 201 908 228 sunt,
926 205 1157 229 commemorarc;
1177 197 1297 230 priscos,
1315 197 1434 230 inquam,
1454 203 1569 230 qnorum
1594 194 1694 229 scripta
1712 194 1747 221 ad

127 259 178 279 nos
191 253 373 286 pervenerunt
391 258 397 275 ε
414 252 476 274 sunt
492 246 563 273 enim
581 246 620 279 (ut
637 247 761 272 omittam
777 245 906 272 Judaicos
922 250 948 272 et
962 245 1122 272 brevissima
1141 244 1268 279 llesycltii
1284 244 1384 278 capita)
1400 242 1484 268 Graeci
1502 246 1568 274 tres,
1586 240 1745 267 Theodore-

127 302 181 329 tus,
209 296 344 331 Cyrillus,
364 294 602 328 Tlieopbylactus;
627 292 716 320 Latini
740 293 804 319 item
828 299 894 323 tres,
908 292 1107 327 Hieronymus,
1130 292 1244 318 Rufinus
1265 296 1344 325 atquc
1368 291 1506 326 Remigius
1528 299 1535 316 :
1560 296 1676 323 quorum
1697 295 1747 322 ego

125 340 341 367 commentarios
356 339 492 370 lectitans,
508 338 710 365 Tlreodoretutn
723 338 831 372 quidem
847 337 1030 373 Mopsuesteni
1045 339 1175 365 asseclam
1194 346 1254 364 esse
1269 338 1394 365 videbam
1407 359 1414 371 ,
1437 339 1463 365 in
1487 337 1606 372 prologis
1626 336 1748 371 quando-

125 395 178 421 que
202 386 284 412 ctiam
311 384 496 419 plagiarium:
526 383 573 410 sed
594 388 683 409 tamen
713 390 801 417 neque
826 383 952 409 acumine
975 390 1062 416 neque
1086 383 1210 409 ubertate
1228 390 1289 409 cum
1313 383 1363 409 boc
1382 383 1608 418 comparandum.
1629 382 1747 416 Cyrillus

124 432 254 465 grandem
270 436 372 458 tomum
390 430 650 458 commentariorum
668 437 782 456 suorum
799 430 932 464 implerit,
950 430 976 456 in
995 430 1096 464 quibus
1110 430 1226 464 plurima
1248 430 1363 456 moralia
1381 429 1446 456 dicit
1471 436 1502 455 ae
1518 428 1640 462 mystica.
1660 426 1747 453 Theo-

125 481 268 514 pbylactus
285 479 402 513 denique
419 478 555 513 sequioris
575 478 624 505 oeri
639 478 720 505 homo
735 485 822 512 pauca
836 482 865 504 ut.
881 483 948 512 puto
962 477 994 504 de
1013 485 1064 504 suo
1077 477 1189 512 profert,
1209 477 1254 504 sed
1270 485 1301 503 ex
1317 477 1491 510 antiquorum
1509 473 1746 501 lucubrationibus

124 527 267 558 litterales,
282 526 410 554 morales.
427 525 559 560 mysticas
572 525 769 560 expositiones,
786 532 835 558 pro
849 525 891 551 sui
914 525 1044 558 temporis
1067 532 1153 556 more,
1169 524 1293 550 deflorat.
1309 524 1337 551 ln
1362 523 1468 550 Latinis
1486 521 1668 555 llicronymus
1690 520 1747 546 sin-

122 572 208 603 yulari
232 578 280 597 sua
296 570 452 605 praestantia
469 572 587 603 eminet;
609 578 705 598 omnes
721 570 793 596 enim
816 569 927 604 ingenii,
950 569 1114 603 eloquentiae
1137 569 1320 603 doctrinaeque
1343 569 1488 595 thesauros
1502 567 1534 593 ad
1561 573 1625 593 suas
1642 565 1668 591 in
1697 564 1747 591 bos

122 616 269 650 propbetas
287 615 473 649 expositiones
493 615 621 642 contulit.
639 615 704 641 Post
720 622 799 649 quem
821 613 937 640 Rufinus
953 614 1146 648 prophetarum
1167 613 1287 647 quinque
1311 621 1456 647 aggressus
1480 611 1746 646 interpretationem,

123 663 260 696 copiosam
277 662 366 696 potius
388 661 572 694 moralemque
596 659 776 694 paraphrasin
803 658 877 690 fecit,
901 663 927 685 ct
952 659 977 684 in
999 659 1111 693 prologo
1134 658 1256 692 iniquum
1282 658 1314 685 de
1334 658 1500 692 llieronymo
1522 657 1656 691 judicium
1675 655 1746 687 tulit,

122 708 201 742 cujus
216 708 367 734 orationem
388 707 428 733 vel
442 715 490 741 per
503 705 647 740 allegorias
661 704 786 739 Origenis
801 704 843 731 vel
860 712 906 738 per
925 704 1062 731 fabulosas
1077 704 1230 730 ,ludaeorum
1251 704 1412 731 traditiones
1427 708 1510 729 totam
1535 702 1681 729 defluxisse
1698 701 1746 727 ait.

122 755 233 781 Tertius
249 754 389 788 Remigius
405 753 642 779 Antisiodorensis
663 756 715 784 est,
735 753 780 786 qui
804 753 904 778 saeculo
923 759 995 778 nono
1017 752 1069 778 sub
1081 751 1178 777 Carolo
1201 751 1283 777 Calvo
1308 751 1408 777 floruit.
1434 750 1520 784 llujns
1539 749 1746 776 Commentarios

125 799 158 825 att
173 798 228 824 ,ΠΙ
249 798 390 832 prophetas
405 800 518 823 rnt'nores
535 804 607 822 anno
630 795 698 822 1545
721 795 839 821 Joannes
855 793 1006 821 llentenius
1024 794 1118 826 edidit,
1133 795 1179 828 qui
1199 793 1297 820 deinde
1316 795 1342 820 in
1358 794 1558 829 Luqtluneusent
1576 793 1631 821 ΡΡ.
1647 794 1747 820 Biblio-

126 849 225 873 :ticcam
241 845 364 872 translati
380 844 499 871 suerunt.
513 843 738 871 Commentarium
755 850 819 869 vcro
835 842 862 867 iu
884 844 978 868 Oscum
995 841 1152 868 necessario
1170 848 1199 867 se
1219 841 1346 867 omisisse
1358 841 1508 870 llentenius
1525 843 1572 873 ait.
1590 842 1652 876 quia
1676 842 1747 869 bunc

123 893 231 923 unicus,
247 899 327 927 qucm
353 894 451 917 nactus
465 895 533 920 crat,
550 888 635 915 codex
659 887 844 914 desiderabat.
871 885 926 921 Ego
948 894 1012 913 vero
1036 886 1177 920 antiquum
1200 886 1320 912 codicem
1342 885 1503 915 Vaticanum
1524 887 1695 922 perlustrans
1720 888 1747 914 in

123 941 219 968 Osemn
242 948 350 974 quoque
370 938 591 966 commentarium
618 936 734 971 Remigii
765 936 864 970 reperi,
885 935 1011 961 mutilum
1036 939 1137 967 tamen,
1160 942 1257 969 nempe
1277 943 1364 970 usque
1385 936 1417 962 ad
1442 937 1593 970 capitulum
1621 936 1746 970 quintum

121 987 236 1013 necdum
253 986 399 1019 expletum.
422 984 514 1018 Neque
537 983 560 1010 is
575 983 699 1010 desectus
716 984 937 1010 membranarum
954 987 1005 1013 est,
1024 990 1093 1016 qum,
1107 986 1136 1008 ut
1150 982 1189 1014 tit,
1211 982 1383 1009 exciderint:
1404 984 1503 1011 etenim
1530 983 1556 1010 in
1576 991 1627 1018 qua
1649 983 1746 1016 pagina

121 1033 207 1061 oseas
224 1033 399 1068 imperfectus
415 1031 526 1062 desinit,
543 1030 643 1057 ibidem
660 1030 754 1064 incipit
773 1030 831 1056 Joel
847 1039 853 1056 :
877 1029 948 1056 unde
963 1029 1154 1063 cognoscimus
1174 1029 1315 1063 antiquum
1332 1037 1523 1056 amanuensem
1549 1028 1657 1055 nonnisi
1677 1028 1746 1053 banc

120 1079 272 1113 ltemigiani
290 1077 477 1105 Commentarii
498 1077 524 1103 iu
545 1076 640 1104 Oscum
658 1081 762 1111 partem
782 1085 835 1111 prce
851 1077 978 1103 manibus
998 1074 1138 1103 babuisse.
1154 1075 1211 1102 Jam
1229 1077 1279 1103 etsi
1300 1076 1448 1104 [lentenius
1461 1078 1566 1111 magnis
1585 1076 1710 1103 laudibus
1731 1083 1745 1102 a

119 1135 148 1154 se
164 1127 252 1154 editos
269 1126 480 1153 commentarios
494 1125 579 1157 effert,
598 1133 647 1159 ego
663 1129 752 1151 tamen
769 1125 921 1159 Remigium
945 1125 971 1150 in
988 1125 1131 1151 calonibus
1148 1125 1238 1158 potius
1261 1125 1408 1160 ἑρμηνείας
1423 1134 1504 1160 quam
1531 1127 1559 1152 in
1577 1126 1745 1160 principibus

121 1179 277 1203 numerem;
294 1171 366 1205 quod
380 1171 413 1198 de
427 1171 488 1197 aliis
504 1170 584 1197 etiam
602 1170 880 1196 commentationibus
895 1169 954 1204 ejus
970 1169 1003 1196 ad
1030 1178 1108 1197 sacra
1125 1170 1210 1196 nimia
1234 1178 1286 1204 qua
1302 1171 1383 1198 eduis
1410 1180 1462 1205 qua
1477 1171 1587 1198 ineditis
1603 1179 1678 1204 :tque
1701 1171 1746 1204 ju-

117 1219 190 1244 dico.
209 1217 287 1243 Certe
304 1217 368 1243 illud
384 1216 512 1251 frequens
532 1216 756 1250 etymologiarum
773 1215 891 1241 studium
909 1223 1005 1249 parum
1021 1215 1086 1241 utile
1108 1220 1149 1242 est
1167 1216 1209 1242 rel
1228 1216 1354 1243 solidum.
1380 1218 1504 1244 Attamen
1521 1217 1592 1243 aliud
1614 1217 1677 1243 mibi
1695 1215 1744 1242 Re-

118 1264 191 1297 tnigii
208 1271 276 1297 opus
296 1266 337 1289 est
352 1262 533 1295 observatum,
554 1262 666 1297 protana
684 1262 838 1290 eruditione
857 1262 934 1288 valde
950 1266 1083 1292 saturum,
1102 1262 1180 1296 cujus
1198 1263 1287 1289 hercle
1302 1263 1458 1294 editionem.
1479 1272 1538 1291 cum
1555 1264 1637 1289 otium
1655 1264 1743 1293 tuerit,

119 1317 171 1335 non
188 1308 330 1343 negligam.
350 1309 458 1336 interim
479 1312 533 1335 tam
555 1308 609 1335 rari
627 1308 729 1336 codicis
745 1308 849 1342 copiam
870 1312 978 1338 nactus,
1002 1308 1073 1334 nolui
1090 1309 1258 1334 committere
1280 1313 1308 1334 ut
1332 1309 1388 1335 lime
1409 1309 1508 1336 inedita
1527 1317 1588 1343 pars
1608 1308 1739 1335 Commen-

119 1355 182 1380 tarii
198 1354 232 1380 ad
246 1355 340 1382 Oscum
353 1355 455 1382 diutius
468 1355 494 1381 in
513 1355 632 1382 tenebris
647 1355 828 1381 delitesceret.
845 1354 937 1388 ltaque
951 1355 977 1381 in
994 1359 1069 1388 parte
1085 1355 1135 1381 mei
1153 1356 1308 1387 voluminis,
1321 1356 1391 1383 undo
1404 1357 1483 1383 aliani
1498 1357 1621 1383 canonici
1637 1356 1744 1391 gunt-is

124 1400 335 1429 lucubrationem
348 1402 489 1435 ejeceram,
504 1400 554 1428 boc
567 1400 680 1435 Remigii
698 1401 917 1435 supplementum
935 1401 1032 1427 locari.

156 1468 208 1494 Vll.
227 1468 278 1495 Sed
297 1469 351 1503 jam
365 1470 452 1497 oratio
467 1474 618 1497 revertatur
632 1470 664 1497 ad
683 1470 867 1501 Theodorum,
889 1470 967 1504 cujus
988 1470 1010 1497 si
1033 1470 1164 1504 plurimas
1180 1471 1380 1505 expositionum
1399 1472 1494 1498 barum
1513 1472 1606 1498 laudes
1618 1472 1743 1499 dctcxere

119 1516 209 1547 velim,
224 1517 264 1543 vel
279 1516 401 1544 infinitus
410 1518 471 1550 sim,
487 1518 528 1544 vel
543 1522 617 1544 certe
629 1522 788 1552 perpetuum
805 1518 993 1545 commentarii
1005 1518 1064 1552 ejus
1075 1519 1298 1545 commentarium
1312 1519 1445 1546 adornare
1457 1520 1592 1547 deberem.
1609 1519 1635 1546 ln
1649 1520 1741 1554 prinus

120 1569 213 1590 auctor
226 1564 379 1590 universam
394 1564 583 1591 vaticiniorum
596 1566 737 1592 materiam
750 1569 841 1592 mente
853 1566 1021 1599 complexus,
1037 1566 1103 1592 mire
1120 1566 1190 1592 inter
1203 1574 1230 1592 sc
1243 1568 1411 1596 commiscet.
1430 1568 1599 1601 invicemque
1615 1569 1741 1601 illustrat,

119 1615 145 1637 ct
161 1619 222 1637 cum
239 1611 379 1645 prophetis
397 1612 556 1645 majoribus,
574 1613 723 1646 pra-sertim
741 1621 805 1639 vero
822 1621 885 1639 cum
908 1612 1023 1639 Psalmis
1048 1612 1184 1639 Davidicis
1201 1613 1300 1647 passim
1316 1615 1461 1640 connectit.
1480 1614 1654 1648 Prologorum
1680 1624 1742 1642 vcro

119 1659 248 1692 dignitas,
263 1666 426 1685 cxcursuum
441 1659 496 1686 sive
508 1660 748 1693 atnplitieatiomtm
759 1660 878 1691 ubertas,
890 1660 1070 1694 quaestionum
1083 1668 1207 1690 acumen.
1223 1661 1342 1687 locorum
1355 1661 1572 1689 difficillimorum
1594 1668 1740 1696 spontanea

120 1715 151 1733 ac
163 1706 311 1733 ludibunda
327 1707 522 1741 propemodum
539 1708 686 1742 explicatio
701 1709 820 1743 legentes
834 1709 986 1743 philologus
1000 1717 1175 1743 magnopere,
1188 1714 1217 1734 ut
1232 1716 1322 1743 spero,
1333 1709 1489 1735 oblectabit.
1509 1708 1626 1742 Exempli
1648 1716 1740 1736 causa,

121 1752 212 1779 Amosi
229 1753 311 1779 verba
327 1760 386 1786 cap.
402 1761 419 1784 t,
433 1754 466 1780 5:
486 1754 569 1788 Super
583 1755 665 1782 trihus
681 1756 820 1782 sceleribus
836 1755 961 1782 Damasci
976 1761 999 1781 et
1015 1765 1092 1789 super
1109 1762 1223 1790 quatuor
1239 1765 1289 1782 uon
1301 1761 1459 1788 convertam,
1480 1756 1634 1782 felicissime
1649 1762 1742 1782 nostcr

120 1800 201 1830 :itque
216 1805 248 1822 ex
264 1797 352 1824 indole
367 1799 538 1825 orientalium
558 1800 715 1827 idiomatum
731 1800 847 1834 explicat
862 1800 901 1826 sic
919 1809 925 1826 ε
939 1800 1010 1826 Dicte
1025 1809 1101 1834 super
1116 1802 1199 1827 tribus
1212 1806 1235 1827 et
1252 1807 1376 1835 quatuor,
1394 1810 1482 1834 neuwe
1495 1810 1541 1835 pro
1558 1801 1655 1827 multis.
1671 1800 1741 1827 Num

120 1844 180 1878 quia
196 1852 317 1870 numerus
339 1850 395 1878 post
414 1854 492 1871 uuum
509 1851 532 1872 et
556 1846 607 1873 duo
625 1847 735 1880 pluralis
759 1847 866 1879 dicitur,
888 1847 962 1873 verbo
986 1847 1067 1873 tribus
1088 1848 1183 1874 multos
1203 1848 1319 1880 denotat,
1340 1849 1416 1875 verbo
1439 1855 1523 1875 autem
1542 1855 1655 1883 quatuor
1672 1849 1741 1874 mul-

121 1891 257 1916 titudinem
271 1897 421 1926 catttyqerttt.
449 1892 554 1920 Rursus
569 1893 602 1920 ad
623 1894 706 1920 verba
728 1893 845 1919 ttttchaeae
861 1900 921 1926 cap.
943 1901 970 1922 v.
986 1893 1023 1919 5:
1049 1892 1253 1919 Suscitubuntur
1274 1901 1351 1926 super
1370 1902 1426 1919 cum
1442 1900 1536 1927 septem
1563 1900 1691 1927 pastores.
1718 1899 1740 1920 ct

120 1943 177 1964 octo
193 1946 295 1964 morsus
313 1938 456 1971 hominum,
477 1943 536 1973 post
552 1939 660 1966 irrisam
681 1939 871 1965 nonnullorum
889 1938 1064 1972 interpretum
1088 1939 1245 1969 vanitatem,
1264 1939 1301 1964 ait
1318 1939 1477 1972 simpliciter
1499 1945 1592 1972 scptcm
1609 1948 1683 1966 more
1702 1941 1740 1966 bi-

121 1983 190 2010 blico
207 1984 318 2019 intelligi
335 1986 367 2011 de
384 1986 503 2019 perfecto
516 1994 562 2012 scu
580 1994 677 2020 magno
690 1993 814 2016 numero,
836 1990 893 2011 octo
911 1989 1000 2011 autem
1022 1984 1055 2010 de
1071 1983 1130 2018 cjus
1146 1992 1269 2011 excessu.
1285 1983 1367 2016 ldque
1382 1985 1516 2011 illuminat
1533 1985 1636 2012 Domini
1651 1986 1740 2013 verbis

120 2032 200 2058 Petro
215 2031 340 2062 dicentis,
359 2035 453 2057 utnon
471 2031 570 2065 septies
592 2034 701 2063 pcccata
721 2029 869 2055 dimitteret
885 2028 932 2055 sed
951 2028 1104 2062 septuagies
1121 2028 1238 2062 septics;
1257 2031 1283 2054 et
1307 2028 1360 2055 illis
1384 2029 1563 2060 Ecclesiaste,
1584 2030 1621 2056 Da
1639 2036 1739 2064 par-tem

118 2081 215 2109 septem
243 2085 340 2104 necnon
364 2082 387 2104 et
412 2082 485 2107 octo,-
507 2078 539 2104 de
560 2076 660 2110 quibus
680 2076 794 2109 mystica
811 2075 933 2110 quaedam
957 2079 983 2102 et
1005 2075 1162 2109 persubtilia
1187 2079 1386 2101 commentatur
1408 2075 1566 2101 Ambrosius
1586 2076 1653 2101 libro
1670 2084 1694 2106 v,
1714 2077 1738 2101 iu

121 2124 219 2151 Lucam
241 2133 268 2152 n.
287 2126 340 2152 tta:
366 2134 445 2160 quem
469 2126 603 2152 Ambrosii
627 2125 718 2151 locum
743 2123 896 2151 Cimmeriis
921 2123 1041 2150 tenebris
1064 2123 1182 2150 obsitum
1208 2123 1323 2149 Manu-ini
1344 2123 1462 2149 editores
1485 2131 1555 2156 :rgrc
1582 2123 1737 2153 declarant:

121 2171 328 2205 Mopsuestenus
345 2177 436 2199 autem
459 2173 586 2206 praedicta
609 2172 689 2197 verba
706 2171 867 2205 simpliciter
887 2178 1002 2204 vereque
1027 2170 1165 2204 explicat:
1187 2169 1313 2204 Mum'fice
1333 2170 1367 2195 da
1388 2171 1528 2205 mentibus.
1549 2178 1627 2204 neque
1645 2170 1669 2195 in
1691 2171 1738 2195 hoc

121 2218 256 2244 abundare
272 2227 384 2245 recuses.
407 2219 438 2245 Et
455 2219 611 2246 universum
628 2219 736 2253 quidem
761 2219 964 2245 Testamentum
980 2218 1064 2245 Vetus
1080 2219 1302 2254 praeparationcm
1326 2218 1392 2244 Novi
1413 2217 1505 2247 tuisse,
1522 2221 1602 2250 atque
1619 2217 1707 2241 onmia
1723 2224 1736 2241 a

121 2265 175 2291 nco
190 2265 222 2292 ad
241 2270 385 2293 venturum
403 2266 542 2293 Christum
558 2265 672 2295 directa,
688 2265 792 2291 sincere
811 2271 958 2300 sancteque
975 2266 1067 2292 multis
1083 2266 1150 2293 locis
1162 2264 1320 2293 Theodorus
1336 2265 1474 2307 fatetur3v.
1493 2272 1532 2299 gr.
1550 2272 1576 2298 p.
1591 2264 1616 2293 t,
1633 2264 1676 2294 69,
1692 2264 1735 2294 7-2,

120 2313 199 2339 itt-t
209 2313 249 2343 16,
268 2313 328 2343 120,
342 2312 405 2344 208,
420 2313 553 2347 praecipue
578 2320 641 2339 vero
659 2312 685 2338 in
708 2312 815 2346 proloqo
826 2312 859 2337 ad
872 2312 989 2338 donam:
1004 2311 1083 2346 cnjus
1095 2312 1232 2346 propbetze
1245 2311 1346 2346 grande
1359 2311 1423 2338 illud
1437 2315 1506 2337 intra
1521 2315 1608 2337 cetum
1622 2311 1736 2338 viventis

120 2359 292 2388 miraculum.
309 2358 380 2393 quod
393 2358 502 2392 quidam
515 2361 639 2384 recentes
652 2357 741 2382 critici
758 2357 889 2384 scelerate
901 2357 1024 2384 derident
1037 2357 1081 2391 (ue
1091 2356 1201 2384 Cbristo
1215 2357 1323 2391 quidem
1336 2357 1431 2384 Mattb.
1449 2365 1496 2387 κη,
1512 2356 1555 2388 40,
1569 2357 1734 2387 credcntcsl.

121 2404 241 2430 nonnulli
266 2404 408 2438 allegorice
434 2408 537 2429 tantum
565 2403 709 2429 admittunt
721 2424 727 2433 ,
758 2403 798 2428 vcl
832 2404 970 2437 proplietre
998 2403 1132 2430 somnium
1168 2404 1341 2434 existimant,
1379 2403 1424 2429 alii
1456 2411 1488 2429 ex
1520 2403 1617 2430 sabulis
1647 2403 1737 2428 ethni-

119 2457 224 2479 corum,
257 2453 320 2483 puta
347 2448 379 2475 de
405 2447 588 2476 Andromeda,
617 2447 657 2473 rel
683 2447 715 2472 tle
747 2445 860 2473 llercule
888 2447 933 2481 qui
958 2446 1084 2481 Neptunii
1109 2448 1184 2473 canis
1207 2448 1359 2475 visceribus
1381 2450 1467 2475 evasit
1494 2449 1647 2479 incolumis,
1671 2456 1735 2475 con-

121 2495 283 2527 glutinatum
308 2493 450 2526 dictitant;
474 2493 516 2527 pie
545 2492 715 2521 Theodorus,
740 2495 769 2516 ut
795 2499 852 2517 mos
877 2496 917 2518 est
941 2491 1069 2519 Ecclesiae
1087 2492 1194 2518 Patrum
1212 2497 1238 2519 et
1260 2494 1468 2525 catholicorum,
1493 2502 1651 2528 summaque
1672 2501 1733 2521 cum

122 2539 272 2565 rcvcrcntia
304 2539 475 2573 aiuplcctitur
502 2545 551 2565 nec
578 2537 610 2564 de
637 2545 668 2563 eo
696 2536 873 2570 quaestionem
898 2537 978 2563 ullam
1003 2537 1059 2563 fieri
1084 2538 1194 2572 patitur.
1221 2537 1254 2564 Ut
1276 2542 1365 2565 autem
1392 2540 1491 2566 mentis
1515 2538 1661 2569 Theodori,
1682 2547 1733 2572 qua

121 2587 278 2619 prophetias
310 2585 343 2612 de
369 2586 478 2612 Christo
501 2584 593 2615 tradit,
617 2584 721 2611 illustre
750 2583 887 2617 specimen
913 2584 985 2615 dem,
1012 2592 1066 2611 non
1092 2585 1223 2611 recusabo
1252 2586 1279 2612 in
1308 2586 1422 2620 gratiam
1451 2585 1556 2610 illorum
1582 2584 1735 2618 quiGracce

123 2631 248 2658 ncsciunt
265 2631 497 2666 (qirandoquitlem
519 2631 642 2657 Latinam
661 2630 912 2664 interpretationem
934 2631 967 2657 ab
983 2631 1034 2658 boc
1048 2631 1184 2658 volumine
1201 2633 1314 2664 exclusi,
1332 2640 1412 2666 quam
1434 2631 1552 2658 liberiori
1569 2631 1625 2657 otio
1648 2631 1735 2659 absot-

123 2677 234 2702 vendam
253 2678 508 2713 pcrpolicndamquc
523 2679 642 2707 reservo)
657 2678 822 2704 luculentum
841 2681 956 2704 tractum
977 2678 1072 2706 Latine
1088 2686 1186 2712 ponere
1201 2679 1233 2705 ad
1251 2680 1294 2706 illa
1311 2679 1392 2706 Joelis
1408 2679 1488 2705 verba
1505 2686 1563 2712 cap.
1581 2686 1609 2709 u,
1627 2678 1706 2704 28-51
1726 2688 1732 2704 :

124 2723 265 2755 Esl‘wnlam
285 2726 315 2750 dr
337 2726 437 2758 Spiritu
454 2734 507 2751 mco
525 2734 599 2758 super
616 2733 714 2751 omnem
738 2732 851 2753 rarus-m,
869 2729 892 2748 ct
910 2725 1098 2757 prophetatum!
1115 2726 1165 2759 filii
1182 2727 1258 2752 uestri
1273 2731 1296 2751 ct
1317 2726 1380 2759 fitia:
1398 2729 1497 2754 vestrm,
1515 2728 1539 2749 et
1565 2731 1635 2749 senes
1656 2729 1732 2749 vestr!

124 2769 225 2793 somnia
247 2771 421 2800 somniabunt,
437 2772 578 2805 etjam-1:0⁵
598 2772 674 2797 rcstri
702 2771 810 2796 vittatus
832 2770 961 2796 vittctmm.
987 2771 1018 2796 Et
1041 2780 1117 2804 snper
1134 2781 1219 2798 servos
1242 2781 1320 2803 meos,
1336 2776 1360 2798 el
1384 2778 1459 2803 5¹11th
1483 2769 1594 2796 ssttffl'llsss
1615 2778 1683 2795 mea-5
1708 2769 1732 2794 ''ss

125 2815 213 2842 ‹ticbus
230 2816 282 2842 illis
302 2817 435 2850 effundam
450 2819 480 2845 ‹lc
498 2819 596 2852 Spiritu
614 2825 685 2849 mc0;
703 2822 725 2842 ct
744 2814 963 2842 vaticinabuntur.
983 2816 1014 2842 Et
1031 2816 1097 2843 ‹tatu›
1112 2819 1231 2852 prodiqia
1248 2819 1274 2844 iu
1291 2818 1352 2844 cerlo
1369 2822 1392 2844 ct
1409 2825 1485 2851 ,snper
1502 2821 1608 2848 terram,
1626 2814 1730 2848 sanqui-

472 2883 476 2887 -
488 2882 501 2889 .-
1034 2883 1047 2889 ι.
